@article{LONG2019301,
title = "Low rank tensor completion for multiway visual data",
journal = "Signal Processing",
volume = "155",
pages = "301 - 316",
year = "2019",
issn = "0165-1684",
author = "Z. Long and Y. Liu and L. Chen and C. Zhu",
}
@inproceedings{kreimer2013nuclear,
  title={Nuclear norm minimization and tensor completion in exploration seismology},
  author={Kreimer, Nadia and Sacchi, Mauricio D},
  booktitle={Acoustics, Speech and Signal Processing (ICASSP), 2013 IEEE International Conference on},
  pages={4275--4279},
  year={2013},
  organization={IEEE}
}
@inproceedings{jiang2018anisotropic,
  title={Anisotropic Total Variation Regularized Low-Rank Tensor Completion Based On Tensor Nuclear Norm for Color Image Inpainting},
  author={Jiang, Fei and Liu, Xiao-Yang and Lu, Hongtao and Shen, Ruimin},
  booktitle={2018 IEEE International Conference on Acoustics, Speech and Signal Processing (ICASSP)},
  pages={1363--1367},
  year={2018},
  organization={IEEE}
}
@inproceedings{imtia2018improved,
  title={Improved Algorithms for Differentially Private Orthogonal Tensor Decomposition},
  author={Imtia, Hafiz and Sarwate, Anand D},
  booktitle={2018 IEEE International Conference on Acoustics, Speech and Signal Processing (ICASSP)},
  pages={2201--2205},
  year={2018},
  organization={IEEE}
}
@article{papalexakis2017tensors,
  title={Tensors for data mining and data fusion: Models, applications, and scalable algorithms},
  author={Papalexakis, Evangelos E and Faloutsos, Christos and Sidiropoulos, Nicholas D},
  journal={ACM Transactions on Intelligent Systems and Technology (TIST)},
  volume={8},
  number={2},
  pages={16},
  year={2017},
  publisher={ACM}
}
@article{sandhu2018tdrm,
  title={TDRM: tensor-based data representation and mining for healthcare data in cloud computing environments},
  author={Sandhu, Rajinder and Kaur, Navroop and Sood, Sandeep K and Buyya, Rajkumar},
  journal={Teh Journal of Supercomputing},
  volume={74},
  number={2},
  pages={592--614},
  year={2018},
  publisher={Springer}
}
@article{cichocki2015tensor,
  title={Tensor decompositions for signal processing applications: From two-way to multiway component analysis},
  author={A. Cichocki, and D. Mandic,  and L. D. Lieven, and G. Zhou,  and Q. Zhao,  and C. Caiafa,  and H. A. Phan,},
  journal={IEEE Signal Processing Magazine},
  volume={32},
  number={2},
  pages={145--163},
  year={2015},
  publisher={IEEE}
}

@article{ZHOU2018,
  title={Tensor rank learning in {CP} decomposition via convolutional neural network},
  author={Zhou, Mingyi and Liu, Yipeng and Long, Zhen and Chen, Longxi and Zhu, Ce},
  journal={Signal Processing: Image Communication},
  year={2018},
  publisher={Elsevier}
}
@article{ye2018tensor,
  title={Tensor network ranks},
  author={Ye, Ke and Lim, Lek-Heng},
  journal={arXiv preprint arXiv:1801.02662},
  year={2018}
}
@article{liu2013tensor,
  title={Tensor completion for estimating missing values in visual data},
  author={Liu, Ji and Musialski, Przemyslaw and Wonka, Peter and Ye, Jieping},
  journal={IEEE Transactions on Pattern Analysis and Machine Intelligence},
  volume={35},
  number={1},
  pages={208--220},
  year={2013},
  publisher={IEEE}
}
@article{zhang2017exact,
  title={Exact tensor completion using t-{SVD}},
  author={Zhang, Zemin and Aeron, Shuchin},
  journal={IEEE Transactions on Signal Processing},
  volume={65},
  number={6},
  pages={1511--1526},
  year={2017},
  publisher={IEEE}
}

@article{xue2017low,
  title={Low-rank tensor completion by truncated nuclear norm regularization},
  author={Xue, Shengke and Qiu, Wenyuan and Liu, Fan and Jin, Xinyu},
  journal={arXiv preprint arXiv:1712.00704},
  year={2017}
}
@article{george2016reweighted,
  title={Reweighted low-rank tensor completion and its applications in video recovery},
  author={George, Sudhish N and others},
  journal={arXiv preprint arXiv:1611.05964},
  year={2016}
}
@article{leurgans1993decomposition,
  title={A decomposition for three-way arrays},
  author={Leurgans, SE and Ross, RT and Abel, RB},
  journal={SIAM Journal on Matrix Analysis and Applications},
  volume={14},
  number={4},
  pages={1064--1083},
  year={1993},
  publisher={SIAM}
}
@article{acar2011scalable,
  title={Scalable tensor factorizations for incomplete data},
  author={Acar, Evrim and Dunlavy, Daniel M and Kolda, Tamara G and M{\o}rup, Morten},
  journal={Chemometrics and Intelligent Laboratory Systems},
  volume={106},
  number={1},
  pages={41--56},
  year={2011},
  publisher={Elsevier}
}
@article{zhao2015bayesian,
  title={Bayesian {CP} factorization of incomplete tensors with automatic rank determination},
  author={Zhao, Qibin and Zhang, Liqing and Cichocki, Andrzej},
  journal={IEEE Transactions on Pattern Analysis and Machine Intelligence},
  volume={37},
  number={9},
  pages={1751--1763},
  year={2015},
  publisher={IEEE}
}
@article{zhao2015bayesian,
  title={Bayesian {CP} factorization of incomplete tensors with automatic rank determination},
  author={Zhao, Qibin and Zhang, Liqing and Cichocki, Andrzej},
  journal={IEEE Transactions on Pattern Analysis and Machine Intelligence},
  volume={37},
  number={9},
  pages={1751--1763},
  year={2015},
  publisher={IEEE}
}
@article{kolda2009tensor,
  title={Tensor decompositions and applications},
  author={Kolda, Tamara G and Bader, Brett W},
  journal={SIAM Review},
  volume={51},
  number={3},
  pages={455--500},
  year={2009},
  publisher={SIAM}
}
@article{kolda2009tensor,
  title={Tensor decompositions and applications},
  author={Kolda, Tamara G and Bader, Brett W},
  journal={SIAM Review},
  volume={51},
  number={3},
  pages={455--500},
  year={2009},
  publisher={SIAM}
}
@inproceedings{wang2017efficient,
  title={Efficient Low Rank Tensor Ring Completion},
  author={Wang, Wenqi and Aggarwal, Vaneet and Aeron, Shuchin},
  booktitle={Computer Vision (ICCV), 2017 IEEE International Conference on},
  pages={5698--5706},
  year={2017},
  organization={IEEE}
}
@article{HE201812,
title = "Low-rank tensor learning for classification of hyperspectral image with limited labeled samples",
journal = "Signal Processing",
volume = "145",
pages = "12 - 25",
year = "2018",
issn = "0165-1684",
author = "Zhi He and Jie Hu and Yiwen Wang",
}

@inproceedings{liu2016low,
  title={Low-tubal-rank tensor completion using alternating minimization},
  author={Liu, Xiao-Yang and Aeron, Shuchin and Aggarwal, Vaneet and Wang, Xiaodong},
  booktitle={Modeling and Simulation for Defense Systems and Applications XI},
  volume={9848},
  pages={984809},
  year={2016},
  organization={International Society for Optics and Photonics}
}
@article{lecun2015deep,
  title={Deep learning},
  author={LeCun, Yann and Bengio, Yoshua and Hinton, Geoffrey},
  journal={nature},
  volume={521},
  number={7553},
  pages={436},
  year={2015},
  publisher={Nature Publishing Group}
}
@article{bengua2017efficient,
  title={Efficient tensor completion for color image and video recovery: Low-rank tensor train},
  author={Bengua, Johann A and Phien, Ho N and Tuan, Hoang Duong and Do, Minh N},
  journal={IEEE Transactions on Image Processing},
  volume={26},
  number={5},
  pages={2466--2479},
  year={2017},
  publisher={IEEE}
}



















































































